% --------------------------------------------- Conference Abbreviation -----------------------------------------#
@string{CVPR="IEEE Conference on Computer Vision Pattern Recognition (CVPR)"}

@string{ECCV="European Conference on Computer Vision (ECCV)"}

@string{ICCV="IEEE International Conference on Computer Vision (ICCV)"}

@string{NIPS="Neural Information Processing Systems (NIPS)"}

@string{AAAI="AAAI Conference on Artificial Intelligence (AAAI)"}

@string{ICML="International Conference on Machine Learning (ICML)"}

@string{WACV="IEEE Winter Conference on Applications of Computer Vision (WACV)"}

@string{ICPR="International Conference on Pattern Recognition (ICPR)"}

@string{ICLR="International Conference on Learning Representations (ICLR)"}

@string{BMVC="British Machine Vision Conference (BMVC)"}

@string{ACMMM="ACM International Conference on Multimedia"}

@string{ICME="IEEE International Conference on Multimedia and Expo"}

@string{IJCNN="International Joint Conference on Neural Networks (IJCNN)"}


% --------------------------------------------- Journal Abbreviation -----------------------------------------#
@string{TPAMI="IEEE Transactions on Pattern Analysis and Machine Intelligence"}

@string{IJCV="International Journal of Computer Vision (IJCV)"}

@string{TIP="IEEE Transactions on Image Processing"}

@string{TNNLS="IEEE Transactions on Neural Networks and Learning Systems"}

@string{TMM="IEEE Transactions on Multimedia"}

@string{TITS="IEEE Transactions on Intelligent Transportation Systems"}

@string{TCSVT="IEEE Transactions on Circuits and Systems for Video Technology"}

@string{IEEERobot=" IEEE Robotics and Automation Letters"}

@string{TVCG="IEEE Transactions on Visualization and Computer Graphics"}

@string{JMA="Journal of Multivariate Analysis"}

@string{ACMTOG="ACM Transactions on Graphics"}  % ACMTOG --> IACM

@string{AISTATS="Artificial Intelligence and Statistics (AISTATS)"}

@string{PR="Pattern Recognition"}

@string{EAAI="Engineering Applications of Artificial Intelligence"}

@string{AIR="Artificial Intelligence Review"}

@string{MICCAI="Proceedings of the International Conference on Medical Image Computing and Computer-Assisted Intervention (MICCAI)"}

@string{KBS="Knowledge-Based Systems"}

@string{JMLR="Journal of Machine Learning Research"}

@string{TMI="IEEE Transactions on Medical Imaging"}

@String{TIT="IEEE Transactions on Information Theory"}

% arXiv:1412.3474. [Online]. Available: http://arxiv.org/abs/1412.3474


%%%%%%%%%%%%%%%%%%%%%%%%%%%%%%%%%%%%%%%%%%%%%%     1    %%%%%%%%%%%%%%%%%%%%%%%%%%%%%%%%%%%%%%%%%%
@article{ZGJX201517001,
  title = {智能制造——“中国制造2025”的主攻方向},
  author = {周济},
  journal = {中国机械工程},
  volume = {26},
  pages = {2273-2284},
  year = {2015},
  issn = {1004-132X},
  Language={zh}
}    

@article{stampa2021maturity,
  title={Maturity Levels of Public Safety Applications Using Unmanned Aerial Systems: A Review},
  author={Stampa, Merlin and Sutorma, Andreas and Jahn, Uwe and Thiem, J{\"o}rg and Wolff, Carsten and R{\"o}hrig, Christof},
  journal={Journal of Intelligent \& Robotic Systems},
  volume={103},
  pages={1--15},
  year={2021},
  publisher={Springer}
}
@inproceedings{deng2021labels,
  title={Are Labels Always Necessary for Classifier Accuracy Evaluation?},
  author={Deng, Weijian and Zheng, Liang},
  booktitle=CVPR,
  pages={15069--15078},
  year={2021}
}   